@article{ref1,
author = "Matplotlib Animation",
title = "http://matplotlib.org/examples/animation/moviewriter.html",
}


@article{ref2,
author = "Pendulum Dynamics",
title = "http://nrich.maths.org/content/id/6478/Paul-not\%20so\%20simple\%20pendulum\%202.pdf",
}
